@INPROCEEDINGS{durieux21:_duets,
  author={Durieux, Thomas and Soto-Valero, CÃ©sar and Baudry, Benoit},
  booktitle={2021 IEEE/ACM 18th International Conference on Mining Software Repositories (MSR)}, 
  title={Duets: A Dataset of Reproducible Pairs of Java Library-Clients}, 
  year=2021,
  pages={545-549},
  keywords={Java;Software libraries;Ecosystems;Static analysis;Tools;Libraries;Data mining;Mining software repositories;software reuse;Java;Maven},
  doi={10.1109/MSR52588.2021.00071}}
